<record><leader>00000cas a22000007a 4500</leader><controlfield tag="001">27995947</controlfield><controlfield tag="008">930428d18951905ctucr ne      0    0eng d</controlfield><datafield ind1=" " ind2=" " tag="010"><subfield code="a">sn 93053899 </subfield></datafield><datafield ind1=" " ind2=" " tag="040"><subfield code="a">CNW</subfield><subfield code="b">eng</subfield><subfield code="c">CNW</subfield><subfield code="d">OCLCQ</subfield></datafield><datafield ind1=" " ind2=" " tag="042"><subfield code="a">msc</subfield></datafield><datafield ind1="0" ind2="0" tag="245"><subfield code="a">Stonington semi-weekly mirror.</subfield></datafield><datafield ind1=" " ind2=" " tag="260"><subfield code="a">Stonington, Conn. :</subfield><subfield code="b">Stonington Pub. Co.</subfield></datafield><datafield ind1=" " ind2=" " tag="300"><subfield code="a">v.</subfield></datafield><datafield ind1=" " ind2=" " tag="310"><subfield code="a">Semiweekly</subfield></datafield><datafield ind1="1" ind2=" " tag="362"><subfield code="a">Began in 1895.</subfield></datafield><datafield ind1="0" ind2=" " tag="362"><subfield code="a">-37th year, no. 16 (Dec. 12, 1905).</subfield></datafield><datafield ind1=" " ind2=" " tag="515"><subfield code="a">Issues from &lt;Oct. 27, 1896&gt;-1905 called: 28th year, no. 2-37th year, no. 16.</subfield></datafield><datafield ind1=" " ind2=" " tag="530"><subfield code="a">Available on microfilm from Joseph Merritt &amp; Co., Hartford, Conn.</subfield></datafield><datafield ind1=" " ind2=" " tag="588"><subfield code="a">Description based on: Vol. 27, no. 21 (Jan. 3, 1896).</subfield></datafield><datafield ind1=" " ind2="4" tag="651"><subfield code="a">Stonington (Conn.)</subfield><subfield code="v">Newspapers.</subfield></datafield><datafield ind1=" " ind2=" " tag="752"><subfield code="a">United States</subfield><subfield code="b">Connecticut</subfield><subfield code="c">New London</subfield><subfield code="d">Stonington.</subfield></datafield><datafield ind1="0" ind2=" " tag="775"><subfield code="t">Mystic semi-weekly journal</subfield><subfield code="w">(DLC)sn 93053900</subfield></datafield><datafield ind1="0" ind2="0" tag="780"><subfield code="t">Stonington mirror (Stonington, Conn. : 1872)</subfield><subfield code="w">(DLC)sn 84022489</subfield><subfield code="w">(OCoLC)10438817</subfield></datafield><datafield ind1="0" ind2="0" tag="785"><subfield code="t">Stonington mirror (Stonington, Conn. : 1905)</subfield><subfield code="w">(DLC)sn 93053901</subfield></datafield><datafield ind1="1" ind2=" " tag="029"><subfield code="a">AU@</subfield><subfield code="b">000020737923</subfield></datafield></record>